<?xml version="1.0" encoding="UTF-8"?><collection xmlns="http://www.loc.gov/MARC21/slim"><record><leader>00431nam--2200133-i-4500</leader><controlfield tag="001">000014323</controlfield><controlfield tag="002">20161230</controlfield><controlfield tag="005">20161230201030</controlfield><controlfield tag="008">060222s1000------------r-----000-0-eng-d</controlfield><datafield ind1=" " ind2=" " tag="100"><subfield code="a">Dancila, Marius</subfield></datafield><datafield ind1=" " ind2=" " tag="245"><subfield code="a">Tehnologii de valorificare a energiei solare orientari, realizari, tendinte in cercetarea stiintifica si ingineria tehnologica</subfield></datafield><datafield ind1=" " ind2=" " tag="260"><subfield code="a">Bucuresti, Inid, 1983</subfield></datafield><datafield ind1=" " ind2=" " tag="490"><subfield code="a">Culegere Documentara Tematica</subfield></datafield><datafield ind1=" " ind2=" " tag="852"><subfield code="a">621.47</subfield></datafield></record></collection>